% !Mode:: "TeX:UTF-8"

@inproceedings{PRODEN,
	title={Progressive identification of true labels for partial-label learning},
	author={Lv, Jiaqi and Xu, Miao and Feng, Lei and Niu, Gang and Geng, Xin and Sugiyama, Masashi},
	booktitle={International Conference on Machine Learning},
	pages={6500--6510},
	year={2020},
	organization={PMLR}
}

@article{荣洁2005俄罗斯民族性格和文化,
	title={俄罗斯民族性格和文化},
	author={荣洁},
	journal={俄罗斯中亚东欧研究},
	number={1},
	pages={66--70},
	year={2005}
}
